%% This BibTeX bibliography file was created using BibDesk.
%% http://bibdesk.sourceforge.net/


%% Created for Christian Prossenitsch at 2013-06-14 03:16:26 +0200 


%% Saved with string encoding Unicode (UTF-8) 



@inproceedings{fjeld02,
	Author = {Morten Fjeld},
	Booktitle = {In IEEE and ACM International Symposium on Mixed and Augmented Reality (ISMAR 2002},
	Pages = {259--260},
	Title = {Augmented Chemistry: An Interactive Educational Workbench},
	Year = {2002}}

@article{lee05,
	Author = {Wonwoo Lee and Woontack Woo and Jongweon Lee},
	Date-Added = {2013-04-19 22:18:44 +0000},
	Date-Modified = {2013-04-19 22:20:03 +0000},
	Title = {TARBoard: Tangible Augmented Reality System for Table-top Game Environment},
	Year = {2005}}

@inproceedings{lee09,
	Author = {Jun, Lee and YoungTae, Roh and Jee-In, Kim and WooHyun, Kim and SungPil, Hong and HyungSeok, Kim},
	Booktitle = {DVD of ITS '09},
	Date-Added = {2013-04-19 08:55:19 +0000},
	Date-Modified = {2013-06-14 01:16:18 +0000},
	Organization = {ACM},
	Title = {A Steerable Tangible Interface for Multi-Layered Contents played on a Tabletop Interface},
	Year = {2009}}

@inproceedings{lapides00,
	Author = {Paul Lapides and Ehud Sharlin and Mario C Sousa},
	Date-Added = {2013-04-19 08:38:04 +0000},
	Date-Modified = {2013-04-19 08:42:59 +0000},
	Title = {Three Dimensional Tangible User Interface for Controlling a Robotic Team},
	Year = {2008}}

@inproceedings{ishii02,
	Author = {Hiroshi Ishii and John Underkoffler and Dan Chak and Ben Piper},
	Pages = {203--211},
	Title = {Augmented Urban Planning Workbench: Overlaying Drawings, Physical Models and Digital Simulation},
	Year = {2002}}

@inproceedings{shaer10,
	Acmid = {1753539},
	Address = {New York, NY, USA},
	Author = {Shaer, Orit and Kol, Guy and Strait, Megan and Fan, Chloe and Grevet, Catherine and Elfenbein, Sarah},
	Booktitle = {Proceedings of the SIGCHI Conference on Human Factors in Computing Systems},
	Doi = {10.1145/1753326.1753539},
	Isbn = {978-1-60558-929-9},
	Keywords = {bioinformatics, genome browser, reality-based interaction, tabletop interaction},
	Location = {Atlanta, Georgia, USA},
	Numpages = {10},
	Pages = {1427--1436},
	Publisher = {ACM},
	Series = {CHI '10},
	Title = {G-nome surfer: a tabletop interface for collaborative exploration of genomic data},
	Year = {2010},
	Bdsk-Url-1 = {http://dx.doi.org/10.1145/1753326.1753539}}

@inproceedings{hornecker06,
	Acmid = {1124838},
	Address = {New York, NY, USA},
	Author = {Hornecker, Eva and Buur, Jacob},
	Booktitle = {Proceedings of the SIGCHI Conference on Human Factors in Computing Systems},
	Date-Modified = {2013-04-19 13:39:14 +0000},
	Doi = {10.1145/1124772.1124838},
	Isbn = {1-59593-372-7},
	Keywords = {CSCW, analysis, collaboration, design, framework, social interaction, tangible interaction, tangible interface},
	Numpages = {10},
	Pages = {437--446},
	Publisher = {ACM},
	Series = {CHI '06},
	Title = {Getting a grip on tangible interaction: a framework on physical space and social interaction},
	Year = {2006},
	Bdsk-Url-1 = {http://dx.doi.org/10.1145/1124772.1124838}}

@inproceedings{koike00,
	Acmid = {332415},
	Address = {New York, NY, USA},
	Author = {Koike, Hideki and Sato, Yoichi and Kobayashi, Yoshinori and Tobita, Hiroaki and Kobayashi, Motoki},
	Booktitle = {Proceedings of the SIGCHI conference on Human Factors in Computing Systems},
	Doi = {10.1145/332040.332415},
	Isbn = {1-58113-216-6},
	Keywords = {Venn diagram, augmented reality, computer supported learning, computer vision, education, finger/hand recognition, information retrieval},
	Location = {The Hague, The Netherlands},
	Numpages = {8},
	Pages = {121--128},
	Publisher = {ACM},
	Series = {CHI '00},
	Title = {Interactive textbook and interactive Venn diagram: natural and intuitive interfaces on augmented desk system},
	Year = {2000},
	Bdsk-Url-1 = {http://dx.doi.org/10.1145/332040.332415}}

@inproceedings{holman05,
	Acmid = {1055054},
	Address = {New York, NY, USA},
	Author = {Holman, David and Vertegaal, Roel and Altosaar, Mark and Troje, Nikolaus and Johns, Derek},
	Booktitle = {Proceedings of the SIGCHI Conference on Human Factors in Computing Systems},
	Doi = {10.1145/1054972.1055054},
	Isbn = {1-58113-998-5},
	Keywords = {digital paper interfaces, flexible displays, ubiquitous computing},
	Location = {Portland, Oregon, USA},
	Numpages = {9},
	Pages = {591--599},
	Publisher = {ACM},
	Series = {CHI '05},
	Title = {Paper windows: interaction techniques for digital paper},
	Year = {2005},
	Bdsk-Url-1 = {http://dx.doi.org/10.1145/1054972.1055054}}

@inproceedings{avrahami11,
	Acmid = {2047241},
	Address = {New York, NY, USA},
	Author = {Avrahami, Daniel and Wobbrock, Jacob O. and Izadi, Shahram},
	Booktitle = {Proceedings of the 24th annual ACM symposium on User interface software and technology},
	Doi = {10.1145/2047196.2047241},
	Isbn = {978-1-4503-0716-1},
	Keywords = {TUI, portable, surface, tablet, tangible},
	Location = {Santa Barbara, California, USA},
	Numpages = {10},
	Pages = {347--356},
	Publisher = {ACM},
	Series = {UIST '11},
	Title = {Portico: tangible interaction on and around a tablet},
	Year = {2011},
	Bdsk-Url-1 = {http://dx.doi.org/10.1145/2047196.2047241}}

@article{hermann07,
	Author = {Thomas Hermann and Till Bovermann and Eckard Riedenklau and Helge Ritter},
	Title = {Tangible Computing for Interactive Sonification of Multivariate Data},
	Year = {2007}}

@inproceedings{ullmer03,
	Author = {Brygg Ullmer and Hiroshi Ishii and Robert J. K. Jacob},
	Booktitle = {Proceedings of Interact'03},
	Pages = {279--286},
	Title = {Tangible Query Interfaces: Physically Constrained Tokens for Manipulating Database Queries},
	Year = {2003}}

@inproceedings{almgren05,
	Author = {Joakim Almgren and Richard Carlsson and Henrik Erkkonen and Jonas Fredriksson and Sanne M{\o}ller and Henrik Rydg{\aa}rd and Mattias {\"O}sterberg and Morten Fjeld},
	Booktitle = {Visualization, Portability, and Database. Proc. SIGRAD 2005},
	Title = {Tangible User Interface for Chemistry Education},
	Year = {2005}}

@article{hornecker10,
	Acmid = {1755234},
	Address = {Hanover, MA, USA},
	Author = {Shaer, Orit and Hornecker, Eva},
	Date-Modified = {2013-04-19 14:14:08 +0000},
	Doi = {10.1561/1100000026},
	Issn = {1551-3955},
	Issue_Date = {January 2010},
	Journal = {Found. Trends Hum.-Comput. Interact.},
	Month = jan,
	Numpages = {137},
	Pages = {1--137},
	Publisher = {Now Publishers Inc.},
	Title = {Tangible User Interfaces: Past, Present, and Future Directions},
	Volume = {3},
	Year = {2010},
	Bdsk-Url-1 = {http://dx.doi.org/10.1561/1100000026}}

@inproceedings{spindler10,
	Acmid = {1936684},
	Address = {New York, NY, USA},
	Author = {Spindler, Martin and Tominski, Christian and Schumann, Heidrun and Dachselt, Raimund},
	Booktitle = {ACM International Conference on Interactive Tabletops and Surfaces},
	Doi = {10.1145/1936652.1936684},
	Isbn = {978-1-4503-0399-6},
	Keywords = {focus + context techniques, interaction techniques, magic lenses, multi-surface user interfaces, multiple views, tabletop displays, tangible views},
	Location = {Saarbr\&\#252;cken, Germany},
	Numpages = {10},
	Pages = {157--166},
	Publisher = {ACM},
	Series = {ITS '10},
	Title = {Tangible views for information visualization},
	Year = {2010},
	Bdsk-Url-1 = {http://dx.doi.org/10.1145/1936652.1936684}}

@inproceedings{ullmer97,
	Acmid = {263551},
	Address = {New York, NY, USA},
	Author = {Ullmer, Brygg and Ishii, Hiroshi},
	Booktitle = {Proceedings of the 10th annual ACM symposium on User interface software and technology},
	Doi = {10.1145/263407.263551},
	Isbn = {0-89791-881-9},
	Keywords = {augmented reality, haptic input, input devices, tangible user interfaces, ubiquitous computing},
	Location = {Banff, Alberta, Canada},
	Numpages = {10},
	Pages = {223--232},
	Publisher = {ACM},
	Series = {UIST '97},
	Title = {The metaDESK: models and prototypes for tangible user interfaces},
	Year = {1997},
	Bdsk-Url-1 = {http://dx.doi.org/10.1145/263407.263551}}

@inproceedings{jorda07,
	Acmid = {1226998},
	Address = {New York, NY, USA},
	Author = {Jord\`{a}, Sergi and Geiger, G\"{u}nter and Alonso, Marcos and Kaltenbrunner, Martin},
	Booktitle = {Proceedings of the 1st international conference on Tangible and embedded interaction},
	Doi = {10.1145/1226969.1226998},
	Isbn = {978-1-59593-619-6},
	Keywords = {design, interaction techniques, musical instrument, musical performance, tabletop interfaces, tangible interfaces},
	Location = {Baton Rouge, Louisiana},
	Numpages = {8},
	Pages = {139--146},
	Publisher = {ACM},
	Series = {TEI '07},
	Title = {The reacTable: exploring the synergy between live music performance and tabletop tangible interfaces},
	Year = {2007},
	Bdsk-Url-1 = {http://dx.doi.org/10.1145/1226969.1226998}}

@inproceedings{underkoffler99,
	Acmid = {303114},
	Address = {New York, NY, USA},
	Author = {Underkoffler, John and Ishii, Hiroshi},
	Booktitle = {Proceedings of the SIGCHI conference on Human Factors in Computing Systems},
	Doi = {10.1145/302979.303114},
	Isbn = {0-201-48559-1},
	Location = {Pittsburgh, Pennsylvania, USA},
	Numpages = {8},
	Pages = {386--393},
	Publisher = {ACM},
	Series = {CHI '99},
	Title = {Urp: a luminous-tangible workbench for urban planning and design},
	Year = {1999},
	Bdsk-Url-1 = {http://dx.doi.org/10.1145/302979.303114}}
